@book{holton1993petersen,
	title={The Petersen Graph},
	author={Holton, D.A. and John Sheehan, M. and Sheehan, J. and Australian Mathematical Society and Heyde, C. and Loxton, J.H. and Neumann, W.D. and Pearce, C. and Broadbridge, P. and Murray, M. and others},
	isbn={9780521435949},
	lccn={gb94018594},
	series={Australian Mathematical Society Lecture Series},
	url={https://books.google.es/books?id=sMSOSgbCx3kC},
	year={1993},
	publisher={Cambridge University Press}
}